@article{donohoCS,
author={M. {Lustig} and D. L. {Donoho} and J. M. {Santos} and J. M.
{Pauly}},
journal={IEEE Signal Processing Magazine},
title={Compressed Sensing MRI},
year={2008},
volume={25},
number={2},
pages={72-82},}
@article{candes,
  author={E. J. {Candes} and J. {Romberg} and T. {Tao}},
  journal={IEEE Transactions on Information Theory}, 
  title={Robust uncertainty principles: exact signal reconstruction from highly incomplete frequency information}, 
  year={2006},
  volume={52},
  number={2},
  pages={489-509},}
@article{matrixA,
author = {Moler, Cleve},
year = {2010},
month = {01},
pages = {1-4},
title = {Magic" reconstruction: Compressive sensing},
journal = {Cleves Corner, Mathworks News&Notes}
}

@inproceedings{ricercaoperativa,
  title={Appunti di Ricerca Operativa},
  author={G. Bigi and A. Frangioni and G. Gallo and S. Pallottino and M. Scutell{\`a}},
  year={2007}
}

@article{bigMmethod,
  title={An efficient method for solving linear goal programming problems},
  author={Li, Han-Lin},
  journal={Journal of Optimization Theory and Applications},
  volume={90},
  number={2},
  pages={465--469},
  year={1996},
  publisher={Springer}
}

 @book{num_optimization, place={Berlin}, title={Numerical optimization}, publisher={Springer}, author={Nocedal, Jorge and Wright, Stephen J.}, year={2006}} 